% -*- coding: utf-8 -*-

@InProceedings{10.1007/978-3-642-37149-3_38,
author="Li, Xiaoqiang
and Wu, Jingjing",
editor="Tan, Tieniu
and Ruan, Qiuqi
and Chen, Xilin
and Ma, Huimin
and Wang, Liang",
title="Improved Gray World Algorithm Based on Salient Detection",
booktitle="Advances in Image and Graphics Technologies",
year="2013",
publisher="Springer Berlin Heidelberg",
address="Berlin, Heidelberg",
pages="315--321",
abstract="Gray World algorithm is a classical method of Color Constancy, which is based on the assumption that the average reflectance of surfaces in the world is achromatic, but it usually fails when the image has a large dominant color patch. In this paper, we propose an improved algorithm based on Salient Detection to achieve Color Constancy, which can cover the aforementioned shortage of the Gray World algorithm. The extensive validation of our method on commonly used dataset which includes images under varying illumination conditions is presented. Experimental results demonstrated that our method is robust to the choice of dataset and at least as good as current state-of-the-art Color Constancy approaches.",
isbn="978-3-642-37149-3"
}

@inproceedings{weng2005novel,
  title={A novel automatic white balance method for digital still cameras},
  author={Weng, Ching-Chih and Chen, Hmer and Fuh, Chiou-Shann},
  booktitle={Circuits and Systems, 2005. ISCAS 2005. IEEE International Symposium on},
  pages={3801--3804},
  year={2005},
  organization={IEEE}
}
@article{谷元保2005一种基于灰度世界模型自动白平衡方法,
  title={一种基于灰度世界模型自动白平衡方法},
  author={谷元保 and 付宇卓},
  journal={计算机仿真},
  volume={22},
  number={9},
  pages={185--188},
  year={2005}
}
@article{徐晓昭2010改进灰度世界颜色校正算法,
  title={改进灰度世界颜色校正算法},
  author={徐晓昭 and 蔡轶珩 and 刘晓民 and 刘长江 and 沈兰荪},
  journal={光子学报},
  volume={39},
  number={3},
  pages={559--564},
  year={2010}
}

@article{tsai2010histogram,
  title={Histogram of oriented gradients},
  author={Tsai, Grace},
  journal={University of Michigan},
  volume={1},
  number={1},
  pages={1--17},
  year={2010}
}
@article{pietikainen2010local,
  title={Local binary patterns},
  author={Pietik{\"a}inen, Matti},
  journal={Scholarpedia},
  volume={5},
  number={3},
  pages={9775},
  year={2010}
}
@inproceedings{dalal2005histograms,
  title={Histograms of oriented gradients for human detection},
  author={Dalal, Navneet and Triggs, Bill},
  booktitle={Computer Vision and Pattern Recognition, 2005. CVPR 2005. IEEE Computer Society Conference on},
  volume={1},
  pages={886--893},
  year={2005},
  organization={IEEE}
}

@article{haralick1973textural,
  title={Textural features for image classification},
  author={Haralick, Robert M and Shanmugam, Karthikeyan and others},
  journal={IEEE Transactions on systems, man, and cybernetics},
  number={6},
  pages={610--621},
  year={1973},
  publisher={Ieee}
}

@inproceedings{rublee2011orb,
  title={ORB: An efficient alternative to SIFT or SURF},
  author={Rublee, Ethan and Rabaud, Vincent and Konolige, Kurt and Bradski, Gary},
  booktitle={Computer Vision (ICCV), 2011 IEEE international conference on},
  pages={2564--2571},
  year={2011},
  organization={IEEE}
}

@inproceedings{viola2001rapid,
  title={Rapid object detection using a boosted cascade of simple features},
  author={Viola, Paul and Jones, Michael},
  booktitle={Computer Vision and Pattern Recognition, 2001. CVPR 2001. Proceedings of the 2001 IEEE Computer Society Conference on},
  volume={1},
  pages={I--I},
  year={2001},
  organization={IEEE}
}

@article{hearst1998support,
  title={Support vector machines},
  author={Hearst, Marti A. and Dumais, Susan T and Osuna, Edgar and Platt, John and Scholkopf, Bernhard},
  journal={IEEE Intelligent Systems and their applications},
  volume={13},
  number={4},
  pages={18--28},
  year={1998},
  publisher={IEEE}
}

@article{felzenszwalb2010object,
  title={Object detection with discriminatively trained part-based models},
  author={Felzenszwalb, Pedro F and Girshick, Ross B and McAllester, David and Ramanan, Deva},
  journal={IEEE transactions on pattern analysis and machine intelligence},
  volume={32},
  number={9},
  pages={1627--1645},
  year={2010},
  publisher={IEEE}
}

@article{lecun1998gradient,
  title={Gradient-based learning applied to document recognition},
  author={LeCun, Yann and Bottou, L{\'e}on and Bengio, Yoshua and Haffner, Patrick},
  journal={Proceedings of the IEEE},
  volume={86},
  number={11},
  pages={2278--2324},
  year={1998},
  publisher={IEEE}
}

@inproceedings{krizhevsky2012imagenet,
  title={Imagenet classification with deep convolutional neural networks},
  author={Krizhevsky, Alex and Sutskever, Ilya and Hinton, Geoffrey E},
  booktitle={Advances in neural information processing systems},
  pages={1097--1105},
  year={2012}
}

@article{simonyan2014very,
  title={Very deep convolutional networks for large-scale image recognition},
  author={Simonyan, Karen and Zisserman, Andrew},
  journal={arXiv preprint arXiv:1409.1556},
  year={2014}
}

@inproceedings{szegedy2015going,
  title={Going deeper with convolutions},
  author={Szegedy, Christian and Liu, Wei and Jia, Yangqing and Sermanet, Pierre and Reed, Scott and Anguelov, Dragomir and Erhan, Dumitru and Vanhoucke, Vincent and Rabinovich, Andrew and others},
  year={2015},
  organization={Cvpr}
}

@inproceedings{he2016deep,
  title={Deep residual learning for image recognition},
  author={He, Kaiming and Zhang, Xiangyu and Ren, Shaoqing and Sun, Jian},
  booktitle={Proceedings of the IEEE conference on computer vision and pattern recognition},
  pages={770--778},
  year={2016}
}

@inproceedings{girshick2014rich,
  title={Rich feature hierarchies for accurate object detection and semantic segmentation},
  author={Girshick, Ross and Donahue, Jeff and Darrell, Trevor and Malik, Jitendra},
  booktitle={Proceedings of the IEEE conference on computer vision and pattern recognition},
  pages={580--587},
  year={2014}
}

@article{girshick2015fast,
  title={Fast r-cnn},
  author={Girshick, Ross},
  journal={arXiv preprint arXiv:1504.08083},
  year={2015}
}

@inproceedings{ren2015faster,
  title={Faster r-cnn: Towards real-time object detection with region proposal networks},
  author={Ren, Shaoqing and He, Kaiming and Girshick, Ross and Sun, Jian},
  booktitle={Advances in neural information processing systems},
  pages={91--99},
  year={2015}
}

@inproceedings{redmon2016you,
  title={You only look once: Unified, real-time object detection},
  author={Redmon, Joseph and Divvala, Santosh and Girshick, Ross and Farhadi, Ali},
  booktitle={Proceedings of the IEEE conference on computer vision and pattern recognition},
  pages={779--788},
  year={2016}
}
@article{redmon2016yolo9000,
  title={YOLO9000: Better, Faster, Stronger},
  author={Redmon, Joseph and Farhadi, Ali},
  journal={arXiv preprint arXiv:1612.08242},
  year={2016}
}

@article{yolov3,
  title={YOLOv3: An Incremental Improvement},
  author={Redmon, Joseph and Farhadi, Ali},
  journal = {arXiv},
  year={2018}
}


@inproceedings{liu2016ssd,
  title={Ssd: Single shot multibox detector},
  author={Liu, Wei and Anguelov, Dragomir and Erhan, Dumitru and Szegedy, Christian and Reed, Scott and Fu, Cheng-Yang and Berg, Alexander C},
  booktitle={European conference on computer vision},
  pages={21--37},
  year={2016},
  organization={Springer}
}
@article{fu2017dssd,
  title={DSSD: Deconvolutional single shot detector},
  author={Fu, Cheng-Yang and Liu, Wei and Ranga, Ananth and Tyagi, Ambrish and Berg, Alexander C},
  journal={arXiv preprint arXiv:1701.06659},
  year={2017}
}

@inproceedings{he2017mask,
  title={Mask r-cnn},
  author={He, Kaiming and Gkioxari, Georgia and Doll{\'a}r, Piotr and Girshick, Ross},
  booktitle={Computer Vision (ICCV), 2017 IEEE International Conference on},
  pages={2980--2988},
  year={2017},
  organization={IEEE}
}

@inproceedings{dai2016r,
  title={R-fcn: Object detection via region-based fully convolutional networks},
  author={Dai, Jifeng and Li, Yi and He, Kaiming and Sun, Jian},
  booktitle={Advances in neural information processing systems},
  pages={379--387},
  year={2016}
}

@article{freund1997decision,
  title={A decision-theoretic generalization of on-line learning and an application to boosting},
  author={Freund, Yoav and Schapire, Robert E},
  journal={Journal of computer and system sciences},
  volume={55},
  number={1},
  pages={119--139},
  year={1997},
  publisher={Elsevier}
}

@inproceedings{lam2005combining,
  title={Combining gray world and retinex theory for automatic white balance in digital photography},
  author={Lam, Edmund Y},
  booktitle={Consumer Electronics, 2005.(ISCE 2005). Proceedings of the Ninth International Symposium on},
  pages={134--139},
  year={2005},
  organization={IEEE}
}

@book{macadam1970sources,
  title={Sources of color science},
  author={MacAdam, David L},
  year={1970},
  publisher={Mit Press}
}

@inproceedings{porikli2003inter,
  title={Inter-camera color calibration by correlation model function},
  author={Porikli, Fatih},
  booktitle={Image Processing, 2003. ICIP 2003. Proceedings. 2003 International Conference on},
  volume={2},
  pages={II--133},
  year={2003},
  organization={IEEE}
}

@inproceedings{yu2009color,
  title={Color cast removal based on fitting gray-axis},
  author={Yu, Hao and Wang, Jian and Yin, Hong-Ran},
  booktitle={Machine Learning and Cybernetics, 2009 International Conference on},
  volume={4},
  pages={2394--2397},
  year={2009},
  organization={IEEE}
}

@article{zhang2000flexible,
  title={A flexible new technique for camera calibration},
  author={Zhang, Zhengyou},
  journal={IEEE Transactions on pattern analysis and machine intelligence},
  volume={22},
  number={11},
  pages={1330--1334},
  year={2000},
  publisher={IEEE}
}

@article{weng1992camera,
  title={Camera calibration with distortion models and accuracy evaluation},
  author={Weng, Juyang and Cohen, Paul and Herniou, Marc and others},
  journal={IEEE Transactions on pattern analysis and machine intelligence},
  volume={14},
  number={10},
  pages={965--980},
  year={1992}
}

@inproceedings{heikkila1997four,
  title={A four-step camera calibration procedure with implicit image correction},
  author={Heikkila, Janne and Silven, Olli},
  booktitle={Computer Vision and Pattern Recognition, 1997. Proceedings., 1997 IEEE Computer Society Conference on},
  pages={1106--1112},
  year={1997},
  organization={IEEE}
}

@article{贾灵芝2008基于自适应光线补偿的人脸检测算法,
  title={基于自适应光线补偿的人脸检测算法},
  author={贾灵芝 and 李岚 and 钱坤喜},
  journal={计算机技术与发展},
  volume={18},
  number={12},
  pages={120--122},
  year={2008}
}

@article{chen2006illumination,
  title={Illumination compensation and normalization for robust face recognition using discrete cosine transform in logarithm domain},
  author={Chen, Weilong and Er, Meng Joo and Wu, Shiqian},
  journal={IEEE Transactions on Systems, Man, and Cybernetics, Part B (Cybernetics)},
  volume={36},
  number={2},
  pages={458--466},
  year={2006},
  publisher={IEEE}
}

@article{ruiz2008illumination,
  title={Illumination compensation and normalization in eigenspace-based face recognition: A comparative study of different pre-processing approaches},
  author={Ruiz-del-Solar, Javier and Quinteros, Julio},
  journal={Pattern Recognition Letters},
  volume={29},
  number={14},
  pages={1966--1979},
  year={2008},
  publisher={Elsevier}
}

@article{malassiotis2005robust,
  title={Robust face recognition using 2D and 3D data: Pose and illumination compensation},
  author={Malassiotis, Sotiris and Strintzis, Michael G},
  journal={Pattern Recognition},
  volume={38},
  number={12},
  pages={2537--2548},
  year={2005},
  publisher={Elsevier}
}

@inproceedings{zheng2008intra,
  title={Intra prediction using template matching with adaptive illumination compensation},
  author={Zheng, Yunfei and Yin, Peng and Escoda, Oscar Divorra and Li, Xin and Gomila, Cristina},
  booktitle={Image Processing, 2008. ICIP 2008. 15th IEEE International Conference on},
  pages={125--128},
  year={2008},
  organization={IEEE}
}

@article{wiegand2003overview,
  title={Overview of the H. 264/AVC video coding standard},
  author={Wiegand, Thomas and Sullivan, Gary J and Bjontegaard, Gisle and Luthra, Ajay},
  journal={IEEE Transactions on circuits and systems for video technology},
  volume={13},
  number={7},
  pages={560--576},
  year={2003},
  publisher={IEEE}
}

@inproceedings{tan2006intra,
  title={Intra prediction by template matching},
  author={Tan, Thiow Keng and Boon, Choong Seng and Suzuki, Yoshinori},
  booktitle={Image Processing, 2006 IEEE International Conference on},
  pages={1693--1696},
  year={2006},
  organization={IEEE}
}
@inproceedings{tan2007intra,
  title={Intra prediction by averaged template matching predictors},
  author={Tan, Thiow Keng and Boon, Choong Seng and Suzuki, Yoshinori},
  booktitle={Consumer Communications and Networking Conference, 2007. CCNC 2007. 4th IEEE},
  pages={405--409},
  year={2007},
  organization={IEEE}
}

@book{zarria.net,
  title={Normal Map Photography},
  author={Ryan Clark},
  note = {\url{http://www.zarria.net/nrmphoto/nrmphoto.html/}}
}

@article{viola2004robust,
  title={Robust real-time face detection},
  author={Viola, Paul and Jones, Michael J},
  journal={International journal of computer vision},
  volume={57},
  number={2},
  pages={137--154},
  year={2004},
  publisher={Springer}
}

@book{russ2016image,
  title={The image processing handbook},
  author={Russ, John C},
  year={2016},
  publisher={CRC press}
}


@inproceedings{ojala2000gray,
  title={Gray scale and rotation invariant texture classification with local binary patterns},
  author={Ojala, Timo and Pietik{\"a}inen, Matti and M{\"a}enp{\"a}{\"a}, Topi},
  booktitle={European Conference on Computer Vision},
  pages={404--420},
  year={2000},
  organization={Springer}
}

@article{ojala2002multiresolution,
  title={Multiresolution gray-scale and rotation invariant texture classification with local binary patterns},
  author={Ojala, Timo and Pietikainen, Matti and Maenpaa, Topi},
  journal={IEEE Transactions on pattern analysis and machine intelligence},
  volume={24},
  number={7},
  pages={971--987},
  year={2002},
  publisher={IEEE}
}

@article{breiman2001random,
  title={Random forests},
  author={Breiman, Leo},
  journal={Machine learning},
  volume={45},
  number={1},
  pages={5--32},
  year={2001},
  publisher={Springer}
}
@book{周志华2016机器学习,
  title={机器学习},
  author={周志华},
  year={2016},
  publisher={Qing hua da xue chu ban she}
}
@book{魏秀参解析卷积神经网络,
  title={解析卷积神经网络},
  author={魏秀参},
  year={2017},
}


@article{CC01a,
 author = {Chang, Chih-Chung and Lin, Chih-Jen},
 title = {{LIBSVM}: A library for support vector machines},
 journal = {ACM Transactions on Intelligent Systems and Technology},
 volume = {2},
 issue = {3},
 year = {2011},
 pages = {27:1--27:27},
 note =	 {Software available at \url{http://www.csie.ntu.edu.tw/~cjlin/libsvm}}
}


@article{opencv_library,
    author = {Bradski, G.},
    citeulike-article-id = {2236121},
    journal = {Dr. Dobb's Journal of Software Tools},
    keywords = {bibtex-import},
    posted-at = {2008-01-15 19:21:54},
    priority = {4},
    title = {{The OpenCV Library}},
    year = {2000}
}

@manual{MATLAB:2017,
Address = {Natick, Massachusetts},
Organization = {The Mathworks, Inc.},
Title = { MATLAB version 9.3.0.681905 (R2015b)},
Year = {2017}}


@article{DBLP:journals/corr/AbadiABBCCCDDDG16,
  author    = {Mart{\'{\i}}n Abadi and
               Ashish Agarwal and
               Paul Barham and
               Eugene Brevdo and
               Zhifeng Chen and
               Craig Citro and
               Gregory S. Corrado and
               Andy Davis and
               Jeffrey Dean and
               Matthieu Devin and
               Sanjay Ghemawat and
               Ian J. Goodfellow and
               Andrew Harp and
               Geoffrey Irving and
               Michael Isard and
               Yangqing Jia and
               Rafal J{\'{o}}zefowicz and
               Lukasz Kaiser and
               Manjunath Kudlur and
               Josh Levenberg and
               Dan Man{\'{e}} and
               Rajat Monga and
               Sherry Moore and
               Derek Gordon Murray and
               Chris Olah and
               Mike Schuster and
               Jonathon Shlens and
               Benoit Steiner and
               Ilya Sutskever and
               Kunal Talwar and
               Paul A. Tucker and
               Vincent Vanhoucke and
               Vijay Vasudevan and
               Fernanda B. Vi{\'{e}}gas and
               Oriol Vinyals and
               Pete Warden and
               Martin Wattenberg and
               Martin Wicke and
               Yuan Yu and
               Xiaoqiang Zheng},
  title     = {TensorFlow: Large-Scale Machine Learning on Heterogeneous Distributed
               Systems},
  journal   = {CoRR},
  volume    = {abs/1603.04467},
  year      = {2016},
  url       = {http://arxiv.org/abs/1603.04467},
  archivePrefix = {arXiv},
  eprint    = {1603.04467},
  timestamp = {Wed, 07 Jun 2017 14:40:20 +0200},
  biburl    = {https://dblp.org/rec/bib/journals/corr/AbadiABBCCCDDDG16},
  bibsource = {dblp computer science bibliography, https://dblp.org}
}
@book{zarria.net,
  title={python},
  author={Ryan Clark},
  note = {\url{http://www.python.org/}}
}

@article{canny1983finding,
  title={Finding edges and lines in images},
  author={Canny, John Francis},
  year={1983}
}

@article{hinton2006reducing,
  title={Reducing the dimensionality of data with neural networks},
  author={Hinton, Geoffrey E and Salakhutdinov, Ruslan R},
  journal={science},
  volume={313},
  number={5786},
  pages={504--507},
  year={2006},
  publisher={American Association for the Advancement of Science}
}

@article{chechik1998synaptic,
  title={Synaptic pruning in development: a computational account},
  author={Chechik, Gal and Meilijson, Isaac and Ruppin, Eytan},
  journal={Neural computation},
  volume={10},
  number={7},
  pages={1759--1777},
  year={1998},
  publisher={MIT Press}
}

@article{ioffe2015batch,
  title={Batch normalization: Accelerating deep network training by reducing internal covariate shift},
  author={Ioffe, Sergey and Szegedy, Christian},
  journal={arXiv preprint arXiv:1502.03167},
  year={2015}
}

@inproceedings{nair2010rectified,
  title={Rectified linear units improve restricted boltzmann machines},
  author={Nair, Vinod and Hinton, Geoffrey E},
  booktitle={Proceedings of the 27th international conference on machine learning (ICML-10)},
  pages={807--814},
  year={2010}
}

@inproceedings{he2015delving,
  title={Delving deep into rectifiers: Surpassing human-level performance on imagenet classification},
  author={He, Kaiming and Zhang, Xiangyu and Ren, Shaoqing and Sun, Jian},
  booktitle={Proceedings of the IEEE international conference on computer vision},
  pages={1026--1034},
  year={2015}
}

@article{qian1999momentum,
  title={On the momentum term in gradient descent learning algorithms},
  author={Qian, Ning},
  journal={Neural networks},
  volume={12},
  number={1},
  pages={145--151},
  year={1999},
  publisher={Elsevier}
}

@article{hinton2012neural,
  title={Neural Networks for Machine Learning, Coursera},
  author={Hinton, Geoffrey},
  journal={URL: http://coursera. org/course/neuralnets},
  year={2012}
}

@article{kingma2014adam,
  title={Adam: A method for stochastic optimization},
  author={Kingma, Diederik P and Ba, Jimmy},
  journal={arXiv preprint arXiv:1412.6980},
  year={2014}
}
@article{paszke2017automatic,
  title={Automatic differentiation in PyTorch},
  author={Paszke, Adam and Gross, Sam and Chintala, Soumith and Chanan, Gregory and Yang, Edward and DeVito, Zachary and Lin, Zeming and Desmaison, Alban and Antiga, Luca and Lerer, Adam},
  year={2017}
}

@inproceedings{bengio2013deep,
  title={Deep learning of representations: Looking forward},
  author={Bengio, Yoshua},
  booktitle={International Conference on Statistical Language and Speech Processing},
  pages={1--37},
  year={2013},
  organization={Springer}
}

@inproceedings{ngiam2011multimodal,
  title={Multimodal deep learning},
  author={Ngiam, Jiquan and Khosla, Aditya and Kim, Mingyu and Nam, Juhan and Lee, Honglak and Ng, Andrew Y},
  booktitle={Proceedings of the 28th international conference on machine learning (ICML-11)},
  pages={689--696},
  year={2011}
}